<record><leader>00000cas a22000007a 4500</leader><controlfield tag="001">31197518</controlfield><controlfield tag="008">940929d19801984azuwr ne      0    0eng d</controlfield><datafield ind1=" " ind2=" " tag="010"><subfield code="a">sn 94050878 </subfield></datafield><datafield ind1=" " ind2=" " tag="040"><subfield code="a">ANN</subfield><subfield code="b">eng</subfield><subfield code="c">ANN</subfield><subfield code="d">OCLCQ</subfield><subfield code="d">OCLCF</subfield><subfield code="d">OCLCO</subfield></datafield><datafield ind1="1" ind2=" " tag="029"><subfield code="a">AU@</subfield><subfield code="b">000011305445</subfield></datafield><datafield ind1=" " ind2=" " tag="042"><subfield code="a">msc</subfield></datafield><datafield ind1=" " ind2=" " tag="043"><subfield code="a">n-us-az</subfield></datafield><datafield ind1="0" ind2="0" tag="245"><subfield code="a">Pinnacle Peak/Rio Verde view.</subfield></datafield><datafield ind1="3" ind2="0" tag="246"><subfield code="a">View</subfield></datafield><datafield ind1=" " ind2=" " tag="260"><subfield code="a">Cave Creek, Ariz. :</subfield><subfield code="b">R. Coghlan, N.A. and J.D. Stubbs</subfield></datafield><datafield ind1=" " ind2=" " tag="300"><subfield code="a">v. :</subfield><subfield code="b">ill.</subfield></datafield><datafield ind1=" " ind2=" " tag="310"><subfield code="a">Weekly</subfield></datafield><datafield ind1="1" ind2=" " tag="362"><subfield code="a">Began 1980; ceased 1984.</subfield></datafield><datafield ind1=" " ind2=" " tag="580"><subfield code="a">Merged with: Black Canyon express, and: Black Mountain news (Cave Creek, Ariz.), to form: Foothills sentinel.</subfield></datafield><datafield ind1=" " ind2=" " tag="588"><subfield code="a">Description based on: Vol. 1, no. 20 (Jan. 1, 1981).</subfield></datafield><datafield ind1=" " ind2="0" tag="651"><subfield code="a">Cave Creek (Ariz.)</subfield><subfield code="v">Newspapers.</subfield></datafield><datafield ind1=" " ind2="0" tag="651"><subfield code="a">Carefree (Ariz.)</subfield><subfield code="v">Newspapers.</subfield></datafield><datafield ind1=" " ind2="4" tag="651"><subfield code="a">Rio Verde (Ariz.)</subfield><subfield code="v">Newspapers.</subfield></datafield><datafield ind1=" " ind2="7" tag="655"><subfield code="a">Newspapers.</subfield><subfield code="2">fast</subfield><subfield code="0">(OCoLC)fst01423814</subfield></datafield><datafield ind1=" " ind2="7" tag="651"><subfield code="a">Arizona</subfield><subfield code="z">Carefree.</subfield><subfield code="2">fast</subfield><subfield code="0">(OCoLC)fst01208021</subfield></datafield><datafield ind1=" " ind2="7" tag="651"><subfield code="a">Arizona</subfield><subfield code="z">Cave Creek.</subfield><subfield code="2">fast</subfield><subfield code="0">(OCoLC)fst01238279</subfield></datafield><datafield ind1=" " ind2=" " tag="752"><subfield code="a">United States</subfield><subfield code="b">Arizona</subfield><subfield code="c">Maricopa</subfield><subfield code="d">Cave Creek.</subfield></datafield><datafield ind1=" " ind2=" " tag="752"><subfield code="a">United States</subfield><subfield code="b">Arizona</subfield><subfield code="c">Maricopa</subfield><subfield code="d">Carefree.</subfield></datafield><datafield ind1="1" ind2="7" tag="785"><subfield code="t">Black Canyon express</subfield><subfield code="x">6745-6670</subfield><subfield code="w">(DLC)sn 82007220</subfield></datafield><datafield ind1="1" ind2="7" tag="785"><subfield code="t">Black Mountain news</subfield><subfield code="w">(DLC)sn 94050882</subfield></datafield><datafield ind1="1" ind2="7" tag="785"><subfield code="t">Foothills sentinel</subfield><subfield code="x">8750-3026</subfield><subfield code="w">(DLC)sn 84003747</subfield></datafield></record>